@article{homework,
author = {詹魁元},
title = {{系統最佳化實驗室基本演算法及範例使用說明}},
year = {2019}
}
